<record><leader>00000cas a22000007a 4500</leader><controlfield tag="001">13353197</controlfield><controlfield tag="008">860327d18171818nyuwr ne      0    0eng d</controlfield><datafield ind1=" " ind2=" " tag="010"><subfield code="a">sn 86053209 </subfield></datafield><datafield ind1=" " ind2=" " tag="040"><subfield code="a">NPX</subfield><subfield code="b">eng</subfield><subfield code="c">NPX</subfield><subfield code="d">OCLCQ</subfield></datafield><datafield ind1=" " ind2=" " tag="042"><subfield code="a">msc</subfield></datafield><datafield ind1="0" ind2=" " tag="130"><subfield code="a">Utica observer (Utica, N.Y. : 1817)</subfield></datafield><datafield ind1="1" ind2="4" tag="245"><subfield code="a">The Utica observer.</subfield></datafield><datafield ind1=" " ind2=" " tag="260"><subfield code="a">Utica [N.Y.] :</subfield><subfield code="b">E. Dorchester</subfield></datafield><datafield ind1=" " ind2=" " tag="300"><subfield code="a">v.</subfield></datafield><datafield ind1=" " ind2=" " tag="310"><subfield code="a">Weekly</subfield></datafield><datafield ind1="1" ind2=" " tag="362"><subfield code="a">Began with Jan. 7, 1817 issue; ceased in 1818.</subfield><subfield code="z">Cf. Brigham, C.S. Amer. newspapers.</subfield></datafield><datafield ind1="4" ind2=" " tag="510"><subfield code="a">Shaw &amp; Shoemaker</subfield><subfield code="c">42761</subfield></datafield><datafield ind1="4" ind2=" " tag="510"><subfield code="a">Brigham, C.S. Amer. newspapers,</subfield><subfield code="c">p. 750</subfield></datafield><datafield ind1=" " ind2=" " tag="588"><subfield code="a">Description based on: Vol. 1, no. 26 (July 1, 1817).</subfield></datafield><datafield ind1="1" ind2=" " tag="700"><subfield code="a">Dorchester, Eliasaph,</subfield><subfield code="d">1780-1864.</subfield></datafield><datafield ind1=" " ind2=" " tag="752"><subfield code="a">United States</subfield><subfield code="b">New York</subfield><subfield code="c">Oneida</subfield><subfield code="d">Utica.</subfield></datafield><datafield ind1="0" ind2="0" tag="785"><subfield code="t">Oneida observer</subfield><subfield code="w">(DLC)sn 83031901</subfield></datafield><datafield ind1="1" ind2=" " tag="029"><subfield code="a">AU@</subfield><subfield code="b">000025787502</subfield></datafield></record>